<?xml version="1.0" encoding="UTF-8"?><record xmlns="http://www.loc.gov/MARC21/slim" xmlns:cinclude="http://apache.org/cocoon/include/1.0" xmlns:zs="http://www.loc.gov/zing/srw/">
  <leader>00461cz  a2200145n  4500</leader>
  <controlfield tag="001">n  96903912 </controlfield>
  <controlfield tag="003">DLC</controlfield>
  <controlfield tag="005">20000729065704.0</controlfield>
  <controlfield tag="008">961204n| acannaabn          |a ana      </controlfield>
  <datafield tag="010" ind1=" " ind2=" ">
    <subfield code="a">n  96903912 </subfield>
  </datafield>
  <datafield tag="035" ind1=" " ind2=" ">
    <subfield code="a">(OCoLC)oca04238349</subfield>
  </datafield>
  <datafield tag="040" ind1=" " ind2=" ">
    <subfield code="a">DLC</subfield>
    <subfield code="b">eng</subfield>
    <subfield code="c">DLC</subfield>
    <subfield code="d">OCoLC</subfield>
  </datafield>
  <datafield tag="110" ind1="2" ind2=" ">
    <subfield code="a">Forum Komunikasi Masyarakat Untuk Pembangunan</subfield>
  </datafield>
  <datafield tag="410" ind1="2" ind2=" ">
    <subfield code="a">FKMP</subfield>
  </datafield>
  <datafield tag="670" ind1=" " ind2=" ">
    <subfield code="a">Mewaspadai propaganda dalam praktek politik, 1996:</subfield>
    <subfield code="b">t.p. (Forum Komunikasi Masyarakat Untuk Pembangunan (FKMP))</subfield>
  </datafield>
</record>